@misc{ wiki:technical_analysis,
   author = "Wikipedia",
   title = "Technical analysis --- Wikipedia{,} The Free Encyclopedia",
   year = "2016",
   url = "\url{https://en.wikipedia.org/w/index.php?title=Technical_analysis&oldid=746850413}",
   note = "[Online; accessed 29-October-2016]"
}

@misc{ wiki:fundamental_analysis,
   author = "Wikipedia",
   title = "Fundamental analysis --- Wikipedia{,} The Free Encyclopedia",
   year = 2016,
   url = "\url{https://en.wikipedia.org/w/index.php?title=Fundamental_analysis&oldid=749079637}",
   note = "[Online; accessed 12-November-2016]"
 }

@misc{ web:data_mining_analysis,
   author = "Philip Ball",
   title = "Counting Google searches predicts market movements",
   year = 2013,
   url = "\url{http://www.nature.com/news/counting-google-searches-predicts-market-movements-1.12879}",
   note = "[Online; accessed 11-December-2016]"
 }
@misc{ web:study_of_cycles,
   author = "StudyOfCycles.com",
   title = "Study of Cycles -- Where Direction and Timing Matter Most",
   year = 2014,
   url = "\url{http://studyofcycles.com}",
   note = "[Online; accessed 11-December-2016]"
 }

@misc{ web:nytimes_community_api,
   author = "The New York Times",
   title = "The New York Times Developer Network",
   url = "\url{https://developer.nytimes.com}",
   note = "[Online; accessed 11-December-2016]"
 }

@misc{ web:yahoo_finance,
   author = "Yahoo! Finance",
   title = "Yahoo! Finance",
   url = "\url{https://finance.yahoo.com}",
   note = "[Online; accessed 12-December-2016]"
 }

@misc{ web:scikit_learn,
   author = "scikit-learn",
   title = "scikit-learn",
   url = "\url{http://scikit-learn.org/stable/}",
   note = "[Online; accessed 12-December-2016]"
 }

@Book{aronson2007evidence-based,
 author = {Aronson, David},
 title = {Evidence-based technical analysis : applying the scientific method and statistical inference to trading signals},
 publisher = {John Wiley \& Sons},
 year = {2007},
 address = {Hoboken, N.J},
 isbn = {978-0-470-00874-4}
 }
@Book{frost1981elliott,
 author = {Frost, A. J.},
 title = {Elliott wave principle : key to stock market profits},
 publisher = {New Classics Library},
 year = {1981},
 address = {Chappaqua, N.Y},
 isbn = {978-0932750020}
 }
 